fedesoriano. (September 2021). Heart Failure Prediction Dataset. Retrieved [Date Retrieved] from https://www.kaggle.com/fedesoriano/heart-failure-prediction.
@article{khan2020global,
  title={Global epidemiology of ischemic heart disease: results from the global burden of disease study},
  author={Khan, Moien AB and Hashim, Muhammad Jawad and Mustafa, Halla and Baniyas, May Yousif and Al Suwaidi, Shaikha Khalid Buti Mohamad and AlKatheeri, Rana and Alblooshi, Fatmah Mohamed Khalfan and Almatrooshi, Meera Eisa Ali Hassan and Alzaabi, Mariam Eisa Hazeem and Al Darmaki, Reem Saif and others},
  journal={Cureus},
  volume={12},
  number={7},
  year={2020},
  publisher={Cureus}
}